<?xml version="1.0" encoding="utf-8"?>
<record xmlns="http://www.loc.gov/MARC21/slim" xmlns:xsi="http://www.w3.org/2001/XMLSchema-instance" xsi:schemaLocation="http://www.loc.gov/MARC21/slim http://www.loc.gov/standards/marcxml/schema/MARC21slim.xsd">
	<leader>
		01438nam a2200301   4500
	</leader>
	<controlfield tag="001">
		001678962
	</controlfield>
	<controlfield tag="003">
		NNU
	</controlfield>
	<controlfield tag="006">
		m        d        
	</controlfield>
	<controlfield tag="007">
		cr cn |||m|||a
	</controlfield>
	<controlfield tag="008">
		160223s1953    ua      o     000 0 ara d
	</controlfield>
	<datafield ind1=" " ind2=" " tag="040">
		<subfield code="a">
			NNU
		</subfield>
		<subfield code="b">
			eng
		</subfield>
		<subfield code="c">
			NNU
		</subfield>
	</datafield>
	<datafield ind1=" " ind2=" " tag="043">
		<subfield code="a">
			f-sj---
		</subfield>
	</datafield>
	<datafield ind1=" " ind2="4" tag="050">
		<subfield code="a">
			PJ7819.E4
		</subfield>
		<subfield code="b">
			A14
		</subfield>
	</datafield>
	<datafield ind1="1" ind2=" " tag="110">
		<subfield code="a">
			Egypt.
		</subfield>
		<subfield code="b">
			Majlis al-Wuzarāʼ.
		</subfield>
	</datafield>
	<datafield ind1="1" ind2="3" tag="245">
		<subfield code="a">
			al-Sūdān min 13 Fibrāyir sana 1841 ila 12 Fibrāyir sana 1953
		</subfield>
		<subfield code="h">
			[electronic resource].
		</subfield>
	</datafield>
	<datafield ind1=" " ind2=" " tag="260">
		<subfield code="a">
			al-Qāhira [Cairo]
		</subfield>
		<subfield code="b">
			al-Matba'ah al-Amirīyah,
		</subfield>
		<subfield code="c">
			1953.
		</subfield>
	</datafield>
	<datafield ind1=" " ind2=" " tag="300">
		<subfield code="a">
			online resource (x, 455 p.)
		</subfield>
	</datafield>
	<datafield ind1=" " ind2=" " tag="500">
		<subfield code="a">
			Translation of title: The Sudan from February 13, 1841 to February 12, 1953.
		</subfield>
	</datafield>
	<datafield ind1=" " ind2=" " tag="500">
		<subfield code="a">
			Includes firmans, official documents, treaties, protocols and correspondence affecting the Sudan as part of the Ottoman Empire and as Anglo-Egyptian condominium.
		</subfield>
	</datafield>
	<datafield ind1=" " ind2=" " tag="500">
		<subfield code="a">
			Part of the Arabic Collections Online (ACO) project, contributed by New York Univeristy Libraries.
		</subfield>
	</datafield>
	<datafield ind1=" " ind2=" " tag="533">
		<subfield code="a">
			Electronic reproduction.
		</subfield>
		<subfield code="b">
			New York, N.Y. :
		</subfield>
		<subfield code="c">
			New York University,
		</subfield>
		<subfield code="d">
			2016.
		</subfield>
		<subfield code="5">
			NNU
		</subfield>
	</datafield>
	<datafield ind1=" " ind2="0" tag="651">
		<subfield code="a">
			Sudan
		</subfield>
		<subfield code="x">
			History.
		</subfield>
	</datafield>
	<datafield ind1="2" ind2=" " tag="710">
		<subfield code="a">
			New York University.
		</subfield>
		<subfield code="b">
			Libraries.
		</subfield>
	</datafield>
	<datafield ind1="0" ind2=" " tag="730">
		<subfield code="a">
			Arabic Collections Online.
		</subfield>
	</datafield>
	<datafield ind1="0" ind2="8" tag="776">
		<subfield code="i">
			Print version:
		</subfield>
		<subfield code="a">
			Egypt. Majlis al-Wuzarāʼ.
		</subfield>
		<subfield code="t">
			al-Sūdān min 13 Fibrāyir sana 1841 ila 12 Fibrāyir sana 1953
		</subfield>
		<subfield code="w">
			(NNU)001678962
		</subfield>
	</datafield>
	<datafield ind1="4" ind2="0" tag="856">
		<subfield code="u">
			http://hdl.handle.net/2333.1/r7sqvf5q
		</subfield>
	</datafield>
	<datafield ind1=" " ind2=" " tag="959">
		<subfield code="a">
			NNU
		</subfield>
		<subfield code="b">
			WEB
		</subfield>
		<subfield code="c">
			GENI
		</subfield>
		<subfield code="t">
			0
		</subfield>
		<subfield code="m">
			Electronic access
		</subfield>
		<subfield code="s">
			01
		</subfield>
	</datafield>
	<datafield ind1=" " ind2=" " tag="999">
		<subfield code="i">
			NNU_001678962
		</subfield>
		<subfield code="s">
			nyu_aco001752
		</subfield>
		<subfield code="e">
			(ERROR-880)
		</subfield>
	</datafield>
</record>
